@article{iledefrancepipeline,
    author = "Hörl, Sebastian; Balać, Miloš",
    title = "Open data travel demand
synthesis for agent-based
transport simulation",
    journal = "ETH Library",
    year = "2020",
    url = "https://www.research-collection.ethz.ch/bitstream/handle/20.500.11850/412979/ab1499.pdf"
}

@article{agentbasedmodel,
    author = {Ramadiah, Amanah and Galbiati, Marco and Soramaki, Kimmo},
    year = {2021},
    month = {01},
    title = {Agent-Based Simulation of Central Bank Digital Currencies},
    journal = {SSRN Electronic Journal},
    doi = {10.2139/ssrn.3959759},
    note = {[Online; accessed July 31, 2023]}
}

@article{zoningdiagram,
    author = "City of Corpus Christi Texas",
    title = "Ensuring Responsible and Economical Development Practices",
    journal = "CCTexas",
    year = "2020",
    url = "https://www.cctexas.com/sites/default/files/devser-homeowners-guide-permitting.pdf"
}

@misc{graphs,
    key = "CSA Academy Graph Editor",
    title = "Graph Generator",
    note = {[Online; accessed July 31, 2023]},
    url = "https://csacademy.com/app/graph_editor/"
}

@misc{senozon,
    author = "Kai Nagel",
    note = {[Online; accessed July 31, 2023]},
    title = "Senozon Mobility Model",
    url = "https://senozon.com/wp-content/themes/yootheme/cache/70/matsim-senozon-704cdf31.webp"
}

@misc{iledefrance,
    author = {{Encyclopædia Britannica}},
    title = {Paris},
    note = {[Online; accessed July 31, 2023]},
    url = {https://www.britannica.com/place/Ile-de-France-region-France#/media/1/282708/203677}
}

@misc{depthfirstsearch,
    author = "Prateek Garg",
    title = "Depth First Search",
    journal = "Hacker Earth",
    note = {[Online; accessed July 31, 2023]},
    url = "https://www.hackerearth.com/practice/algorithms/graphs/depth-first-search/tutorial/"
}

@article{multimodal,
    author = "Steve Dearing",
    title = "The Future of Transportation Part 4: Anticipating Changes in Multimodal Transportation",
    journal = "OMH Advisors",
    year = 2023
}