@article{ile-de-france,
    author = "Sebastian Hörla, Milos Balaca",
    title = "Open data travel demand synthesis for agent-based transport simulation: A case study of Paris and Île-de-France",
    journal = "Arbeitsberichte Verkehrs- und Raumplanung",
    year = "2020",
    month = "November"
}

@article{types-of-modeling,
    author = "Faza Fawzan Bastarianto, Thomas O. Hancock, Charisma Farheen Choudhury & Ed Manley",
    title = "Agent-based models in urban transportation: review, challenges, and opportunities",
    journal = "European Transport Research Review volume",
    year = "2023",
    month = "June",
    day = "15"
}

@article{agent-based-model,
    author = "Mailman School of Public Health",
    url = "https://www.publichealth.columbia.edu/research/population-health-methods/agent-based-modeling",
    title = "Agent-Based Modeling",
    journal = "Columbia Public Health",
    year = "2023"
}

@misc{matsim,
    title = "Multi-Agent Transport Simulation",
    author = "Kai Nagel",
    url = "https://www.matsim.org/",
    note = {[Online; accessed July 11, 2023]},
}

@misc{zoning,
    key = "Zoning Wikipedia Page",
    title = "Zoning",
    journal = "Wikipedia",
    url = "https://en.wikipedia.org/wiki/Zoning",
    note = {[Online; accessed July 15, 2023]}
}

@article{zoningdiagram,
    author = "City of Corpus Christi Texas",
    title = "Ensuring Responsible and Economical Development Practices",
    journal = "CCTexas",
    year = "2020",
    url = "https://www.cctexas.com/sites/default/files/devser-homeowners-guide-permitting.pdf"
}

@misc{cellularautomaton,
    key = "Wikimedia Commons",
    url = "https://commons.wikimedia.org/wiki/File:Game_of_life_Simkin_glider_gun.svg",
    author = "Liambdonegan01",
    title = "Game of life Simkin glider gun.svg",
    note = {[Online; accessed August 03, 2023]}
}

@article{cellularautomatonarticle,
    author = "Weisstein, Eric W.",
    title = "Cellular Automaton",
    journal = "Wolfram MathWorld",
    year = "2023"
}

@misc{depthfirstsearch,
    author = "Prateek Garg",
    title = "Depth First Search",
    journal = "Hacker Earth",
    note = {[Online; accessed July 31, 2023]},
    url = "https://www.hackerearth.com/practice/algorithms/graphs/depth-first-search/tutorial/"
}

@misc{graphs,
    key = "CSA Academy Graph Editor",
    title = "Graph Generator",
    note = {[Online; accessed July 31, 2023]},
    url = "https://csacademy.com/app/graph_editor/"
}